<?xml version="1.0" encoding="UTF-8"?><collection><record><leader>02788ntm a2200397 a 4500</leader><controlfield tag="001">002590535</controlfield><controlfield tag="003">MiAaHDL</controlfield><controlfield tag="005">20190719000000.0</controlfield><controlfield tag="006">m        d        </controlfield><controlfield tag="007">cr bn ---auaua</controlfield><controlfield tag="008">930119s1821    xx            00||  ara d</controlfield><datafield tag="035" ind1=" " ind2=" "><subfield code="a">(MiU)002590535</subfield></datafield><datafield tag="035" ind1=" " ind2=" "><subfield code="a">sdr-miu002590535</subfield></datafield><datafield tag="035" ind1=" " ind2=" "><subfield code="a">(OCoLC)34365694</subfield></datafield><datafield tag="035" ind1=" " ind2=" "><subfield code="a">(RLIN)MIUH92-A81</subfield></datafield><datafield tag="040" ind1=" " ind2=" "><subfield code="a">MiU</subfield><subfield code="c">MiU</subfield><subfield code="e">appm</subfield><subfield code="d">MiU</subfield></datafield><datafield tag="100" ind1="1" ind2=" "><subfield code="6">880-01</subfield><subfield code="a">Ṣāliḥ, Muḥammad,</subfield><subfield code="d">ca. 1800.</subfield></datafield><datafield tag="245" ind1="1" ind2="0"><subfield code="6">880-02</subfield><subfield code="a">Natījat mā fī al-muqanṭarāt min al-ṣilāt al-mutaʻallaqah bi-al-ṣawm wa-al-ṣalawāt :</subfield><subfield code="k">manuscript,</subfield><subfield code="f">[1821] /</subfield><subfield code="c">taʾlīf al-imām al-ʻallāmah Muḥammad Ṣāliḥ al-Qudsī al-Ḥusaynī.</subfield></datafield><datafield tag="300" ind1=" " ind2=" "><subfield code="a">1</subfield><subfield code="f">v. ([16] p. on 4 lvs.) ;</subfield><subfield code="c">23 cm.</subfield></datafield><datafield tag="500" ind1=" " ind2=" "><subfield code="a">Watermark: Three crescents. See Edward Heawood, Watermarks, Mainly of the 17th and 18th Centuries (Hilversum, 1950), p. 24.</subfield></datafield><datafield tag="500" ind1=" " ind2=" "><subfield code="a">Contains a table.</subfield></datafield><datafield tag="500" ind1=" " ind2=" "><subfield code="a">Text rubricated; corrections and marginal calculations in hand of copyist; another hand on p. [7], which may actually be the end of another work.</subfield></datafield><datafield tag="500" ind1=" " ind2=" "><subfield code="a">Date in colophon: intahat fī 25 al-Qaʻdah sanat 1236 [24 August 1821].</subfield></datafield><datafield tag="500" ind1=" " ind2=" "><subfield code="a">[16].</subfield></datafield><datafield tag="500" ind1=" " ind2=" "><subfield code="a">Pp. [1-7?]. Bound with (all works by this author): [2] Naẓm lil-risālah allatī allafahā al-Waḥdānī dhū al-barāʻah fī ʻilm al-sāʻāt, pp. [7-8]; [3] Hādhihi risālah mukhtaṣarah fī al-ʻamal bi-al-rubʻ al-mujayyab, pp. [9-11]; [4] Kifāyat al-mubtadī wa-al-ghulām lil-ʻamal fī al-rubʻ al-muqanṭarāt ghayr al-tāmm, pp. [11-14]; [5] Naẓm abhaj al-ṣilāt fī maʻrifat al-awqāt bi-al-sāʻāt, p. [15]; [6] Abhaj al-ṣilāt fī maʻrifat sāʻāt dukhūl wa-ḥiṣaṣ awqāt al-ṣalawāt, p.</subfield></datafield><datafield tag="520" ind1=" " ind2=" "><subfield code="a">Treatise on the use of the almucantar quadrant to establishe times of prayer and other religious observances; copy defective?</subfield></datafield><datafield tag="538" ind1=" " ind2=" "><subfield code="a">Mode of access: Internet.</subfield></datafield><datafield tag="541" ind1=" " ind2=" "><subfield code="d">07/--/36</subfield><subfield code="3">Manuscript</subfield><subfield code="a">McGregor Fund</subfield><subfield code="c">Purchase, 1933/34</subfield><subfield code="h">15 p.t.</subfield></datafield><datafield tag="561" ind1=" " ind2=" "><subfield code="a">Purchased in Cairo, 1933/34. Owners'/readers' marks: on p. [1], reader's name: ṭālaʻa fīhi Muḥammad; on p. [1], manuscript notes in handwriting of Max Meyerhof.</subfield></datafield><datafield tag="650" ind1=" " ind2="0"><subfield code="a">Almucantar.</subfield></datafield><datafield tag="650" ind1=" " ind2="0"><subfield code="a">Astronomical instruments.</subfield></datafield><datafield tag="650" ind1=" " ind2="0"><subfield code="a">Astronomy, Arab.</subfield></datafield><datafield tag="650" ind1=" " ind2="0"><subfield code="a">Manuscripts, Arabic</subfield><subfield code="z">Michigan</subfield><subfield code="z">Ann Arbor.</subfield></datafield><datafield tag="700" ind1="1" ind2=" "><subfield code="a">Meyerhof, Max,</subfield><subfield code="d">1874-1945,</subfield><subfield code="e">former owner.</subfield></datafield><datafield tag="773" ind1="0" ind2=" "><subfield code="7">unbc</subfield><subfield code="a">Tracy W. McGregor Collection of Arabic, Persian, and Turkish Mathematical and Astronomical Manuscripts.</subfield><subfield code="w">(CStRLIN)MIUH92-A20.</subfield></datafield><datafield tag="880" ind1="1" ind2="0"><subfield code="6">245-02/</subfield><subfield code="a">نتيجة ما في المقنطرات من الصلات المتعلقة بالصوم والصلوات :</subfield><subfield code="k">manuscript،</subfield><subfield code="f">[1821] /</subfield><subfield code="c">تأليف الامام العلامة محمد صالح القدسي الحسيني.</subfield></datafield><datafield tag="880" ind1="0" ind2=" "><subfield code="6">100-01/</subfield><subfield code="a">محمد صالح.</subfield></datafield><datafield tag="CID" ind1=" " ind2=" "><subfield code="a">002590535</subfield></datafield><datafield tag="DAT" ind1="0" ind2=" "><subfield code="a">20190719102632.0</subfield><subfield code="b">20190719000000.0</subfield></datafield><datafield tag="DAT" ind1="1" ind2=" "><subfield code="a">20190719090653.0</subfield><subfield code="b">2019-07-19T16:10:38Z</subfield></datafield><datafield tag="DAT" ind1="2" ind2=" "><subfield code="a">2015-10-02T18:00:03Z</subfield></datafield><datafield tag="CAT" ind1=" " ind2=" "><subfield code="a">SDR-MIU</subfield><subfield code="d">EX LIBRIS - ALEPH</subfield><subfield code="l">prepare.pl-004-008</subfield></datafield><datafield tag="FMT" ind1=" " ind2=" "><subfield code="a">BK</subfield></datafield><datafield tag="HOL" ind1=" " ind2=" "><subfield code="0">sdr-miu002590535</subfield><subfield code="a">MiU</subfield><subfield code="b">SDR</subfield><subfield code="c">MIU</subfield><subfield code="p">mdp.39015078570291</subfield><subfield code="s">MIU</subfield><subfield code="1">002590535</subfield></datafield><datafield tag="974" ind1=" " ind2=" "><subfield code="b">MIU</subfield><subfield code="c">MIU</subfield><subfield code="d">20190719</subfield><subfield code="s">lit-dlps-dc</subfield><subfield code="u">mdp.39015078570291</subfield><subfield code="y">1821</subfield><subfield code="r">pd</subfield><subfield code="q">bib</subfield><subfield code="t">non-US bib date1 &lt; 1896</subfield></datafield></record></collection>